[gd_scene load_steps=29 format=2]

[ext_resource path="res://car_controller/CarController.tscn" type="PackedScene" id=1]
[ext_resource path="res://world/CameraController.gd" type="Script" id=2]

[sub_resource type="PlaneMesh" id=1]
size = Vector2( 100, 100 )

[sub_resource type="CubeMesh" id=2]

[sub_resource type="SpatialMaterial" id=3]
albedo_color = Color( 0.827451, 0.129412, 0.129412, 1 )

[sub_resource type="ConcavePolygonShape" id=4]
data = PoolVector3Array( -1, 1, 1, 1, 1, 1, -1, -1, 1, 1, 1, 1, 1, -1, 1, -1, -1, 1, 1, 1, -1, -1, 1, -1, 1, -1, -1, -1, 1, -1, -1, -1, -1, 1, -1, -1, 1, 1, 1, 1, 1, -1, 1, -1, 1, 1, 1, -1, 1, -1, -1, 1, -1, 1, -1, 1, -1, -1, 1, 1, -1, -1, -1, -1, 1, 1, -1, -1, 1, -1, -1, -1, 1, 1, 1, -1, 1, 1, 1, 1, -1, -1, 1, 1, -1, 1, -1, 1, 1, -1, -1, -1, 1, 1, -1, 1, -1, -1, -1, 1, -1, 1, 1, -1, -1, -1, -1, -1 )

[sub_resource type="ConcavePolygonShape" id=5]
data = PoolVector3Array( -1, 1, 1, 1, 1, 1, -1, -1, 1, 1, 1, 1, 1, -1, 1, -1, -1, 1, 1, 1, -1, -1, 1, -1, 1, -1, -1, -1, 1, -1, -1, -1, -1, 1, -1, -1, 1, 1, 1, 1, 1, -1, 1, -1, 1, 1, 1, -1, 1, -1, -1, 1, -1, 1, -1, 1, -1, -1, 1, 1, -1, -1, -1, -1, 1, 1, -1, -1, 1, -1, -1, -1, 1, 1, 1, -1, 1, 1, 1, 1, -1, -1, 1, 1, -1, 1, -1, 1, 1, -1, -1, -1, 1, 1, -1, 1, -1, -1, -1, 1, -1, 1, 1, -1, -1, -1, -1, -1 )

[sub_resource type="ConcavePolygonShape" id=6]
data = PoolVector3Array( -1, 1, 1, 1, 1, 1, -1, -1, 1, 1, 1, 1, 1, -1, 1, -1, -1, 1, 1, 1, -1, -1, 1, -1, 1, -1, -1, -1, 1, -1, -1, -1, -1, 1, -1, -1, 1, 1, 1, 1, 1, -1, 1, -1, 1, 1, 1, -1, 1, -1, -1, 1, -1, 1, -1, 1, -1, -1, 1, 1, -1, -1, -1, -1, 1, 1, -1, -1, 1, -1, -1, -1, 1, 1, 1, -1, 1, 1, 1, 1, -1, -1, 1, 1, -1, 1, -1, 1, 1, -1, -1, -1, 1, 1, -1, 1, -1, -1, -1, 1, -1, 1, 1, -1, -1, -1, -1, -1 )

[sub_resource type="ConcavePolygonShape" id=7]
data = PoolVector3Array( -1, 1, 1, 1, 1, 1, -1, -1, 1, 1, 1, 1, 1, -1, 1, -1, -1, 1, 1, 1, -1, -1, 1, -1, 1, -1, -1, -1, 1, -1, -1, -1, -1, 1, -1, -1, 1, 1, 1, 1, 1, -1, 1, -1, 1, 1, 1, -1, 1, -1, -1, 1, -1, 1, -1, 1, -1, -1, 1, 1, -1, -1, -1, -1, 1, 1, -1, -1, 1, -1, -1, -1, 1, 1, 1, -1, 1, 1, 1, 1, -1, -1, 1, 1, -1, 1, -1, 1, 1, -1, -1, -1, 1, 1, -1, 1, -1, -1, -1, 1, -1, 1, 1, -1, -1, -1, -1, -1 )

[sub_resource type="ConcavePolygonShape" id=8]
data = PoolVector3Array( -1, 1, 1, 1, 1, 1, -1, -1, 1, 1, 1, 1, 1, -1, 1, -1, -1, 1, 1, 1, -1, -1, 1, -1, 1, -1, -1, -1, 1, -1, -1, -1, -1, 1, -1, -1, 1, 1, 1, 1, 1, -1, 1, -1, 1, 1, 1, -1, 1, -1, -1, 1, -1, 1, -1, 1, -1, -1, 1, 1, -1, -1, -1, -1, 1, 1, -1, -1, 1, -1, -1, -1, 1, 1, 1, -1, 1, 1, 1, 1, -1, -1, 1, 1, -1, 1, -1, 1, 1, -1, -1, -1, 1, 1, -1, 1, -1, -1, -1, 1, -1, 1, 1, -1, -1, -1, -1, -1 )

[sub_resource type="ConcavePolygonShape" id=9]
data = PoolVector3Array( -1, 1, 1, 1, 1, 1, -1, -1, 1, 1, 1, 1, 1, -1, 1, -1, -1, 1, 1, 1, -1, -1, 1, -1, 1, -1, -1, -1, 1, -1, -1, -1, -1, 1, -1, -1, 1, 1, 1, 1, 1, -1, 1, -1, 1, 1, 1, -1, 1, -1, -1, 1, -1, 1, -1, 1, -1, -1, 1, 1, -1, -1, -1, -1, 1, 1, -1, -1, 1, -1, -1, -1, 1, 1, 1, -1, 1, 1, 1, 1, -1, -1, 1, 1, -1, 1, -1, 1, 1, -1, -1, -1, 1, 1, -1, 1, -1, -1, -1, 1, -1, 1, 1, -1, -1, -1, -1, -1 )

[sub_resource type="ConcavePolygonShape" id=10]
data = PoolVector3Array( -1, 1, 1, 1, 1, 1, -1, -1, 1, 1, 1, 1, 1, -1, 1, -1, -1, 1, 1, 1, -1, -1, 1, -1, 1, -1, -1, -1, 1, -1, -1, -1, -1, 1, -1, -1, 1, 1, 1, 1, 1, -1, 1, -1, 1, 1, 1, -1, 1, -1, -1, 1, -1, 1, -1, 1, -1, -1, 1, 1, -1, -1, -1, -1, 1, 1, -1, -1, 1, -1, -1, -1, 1, 1, 1, -1, 1, 1, 1, 1, -1, -1, 1, 1, -1, 1, -1, 1, 1, -1, -1, -1, 1, 1, -1, 1, -1, -1, -1, 1, -1, 1, 1, -1, -1, -1, -1, -1 )

[sub_resource type="ConcavePolygonShape" id=11]
data = PoolVector3Array( -1, 1, 1, 1, 1, 1, -1, -1, 1, 1, 1, 1, 1, -1, 1, -1, -1, 1, 1, 1, -1, -1, 1, -1, 1, -1, -1, -1, 1, -1, -1, -1, -1, 1, -1, -1, 1, 1, 1, 1, 1, -1, 1, -1, 1, 1, 1, -1, 1, -1, -1, 1, -1, 1, -1, 1, -1, -1, 1, 1, -1, -1, -1, -1, 1, 1, -1, -1, 1, -1, -1, -1, 1, 1, 1, -1, 1, 1, 1, 1, -1, -1, 1, 1, -1, 1, -1, 1, 1, -1, -1, -1, 1, 1, -1, 1, -1, -1, -1, 1, -1, 1, 1, -1, -1, -1, -1, -1 )

[sub_resource type="ConcavePolygonShape" id=12]
data = PoolVector3Array( -1, 1, 1, 1, 1, 1, -1, -1, 1, 1, 1, 1, 1, -1, 1, -1, -1, 1, 1, 1, -1, -1, 1, -1, 1, -1, -1, -1, 1, -1, -1, -1, -1, 1, -1, -1, 1, 1, 1, 1, 1, -1, 1, -1, 1, 1, 1, -1, 1, -1, -1, 1, -1, 1, -1, 1, -1, -1, 1, 1, -1, -1, -1, -1, 1, 1, -1, -1, 1, -1, -1, -1, 1, 1, 1, -1, 1, 1, 1, 1, -1, -1, 1, 1, -1, 1, -1, 1, 1, -1, -1, -1, 1, 1, -1, 1, -1, -1, -1, 1, -1, 1, 1, -1, -1, -1, -1, -1 )

[sub_resource type="ConcavePolygonShape" id=13]
data = PoolVector3Array( -1, 1, 1, 1, 1, 1, -1, -1, 1, 1, 1, 1, 1, -1, 1, -1, -1, 1, 1, 1, -1, -1, 1, -1, 1, -1, -1, -1, 1, -1, -1, -1, -1, 1, -1, -1, 1, 1, 1, 1, 1, -1, 1, -1, 1, 1, 1, -1, 1, -1, -1, 1, -1, 1, -1, 1, -1, -1, 1, 1, -1, -1, -1, -1, 1, 1, -1, -1, 1, -1, -1, -1, 1, 1, 1, -1, 1, 1, 1, 1, -1, -1, 1, 1, -1, 1, -1, 1, 1, -1, -1, -1, 1, 1, -1, 1, -1, -1, -1, 1, -1, 1, 1, -1, -1, -1, -1, -1 )

[sub_resource type="ConcavePolygonShape" id=14]
data = PoolVector3Array( -1, 1, 1, 1, 1, 1, -1, -1, 1, 1, 1, 1, 1, -1, 1, -1, -1, 1, 1, 1, -1, -1, 1, -1, 1, -1, -1, -1, 1, -1, -1, -1, -1, 1, -1, -1, 1, 1, 1, 1, 1, -1, 1, -1, 1, 1, 1, -1, 1, -1, -1, 1, -1, 1, -1, 1, -1, -1, 1, 1, -1, -1, -1, -1, 1, 1, -1, -1, 1, -1, -1, -1, 1, 1, 1, -1, 1, 1, 1, 1, -1, -1, 1, 1, -1, 1, -1, 1, 1, -1, -1, -1, 1, 1, -1, 1, -1, -1, -1, 1, -1, 1, 1, -1, -1, -1, -1, -1 )

[sub_resource type="ConcavePolygonShape" id=15]
data = PoolVector3Array( -1, 1, 1, 1, 1, 1, -1, -1, 1, 1, 1, 1, 1, -1, 1, -1, -1, 1, 1, 1, -1, -1, 1, -1, 1, -1, -1, -1, 1, -1, -1, -1, -1, 1, -1, -1, 1, 1, 1, 1, 1, -1, 1, -1, 1, 1, 1, -1, 1, -1, -1, 1, -1, 1, -1, 1, -1, -1, 1, 1, -1, -1, -1, -1, 1, 1, -1, -1, 1, -1, -1, -1, 1, 1, 1, -1, 1, 1, 1, 1, -1, -1, 1, 1, -1, 1, -1, 1, 1, -1, -1, -1, 1, 1, -1, 1, -1, -1, -1, 1, -1, 1, 1, -1, -1, -1, -1, -1 )

[sub_resource type="ConcavePolygonShape" id=16]
data = PoolVector3Array( -1, 1, 1, 1, 1, 1, -1, -1, 1, 1, 1, 1, 1, -1, 1, -1, -1, 1, 1, 1, -1, -1, 1, -1, 1, -1, -1, -1, 1, -1, -1, -1, -1, 1, -1, -1, 1, 1, 1, 1, 1, -1, 1, -1, 1, 1, 1, -1, 1, -1, -1, 1, -1, 1, -1, 1, -1, -1, 1, 1, -1, -1, -1, -1, 1, 1, -1, -1, 1, -1, -1, -1, 1, 1, 1, -1, 1, 1, 1, 1, -1, -1, 1, 1, -1, 1, -1, 1, 1, -1, -1, -1, 1, 1, -1, 1, -1, -1, -1, 1, -1, 1, 1, -1, -1, -1, -1, -1 )

[sub_resource type="ConcavePolygonShape" id=17]
data = PoolVector3Array( -1, 1, 1, 1, 1, 1, -1, -1, 1, 1, 1, 1, 1, -1, 1, -1, -1, 1, 1, 1, -1, -1, 1, -1, 1, -1, -1, -1, 1, -1, -1, -1, -1, 1, -1, -1, 1, 1, 1, 1, 1, -1, 1, -1, 1, 1, 1, -1, 1, -1, -1, 1, -1, 1, -1, 1, -1, -1, 1, 1, -1, -1, -1, -1, 1, 1, -1, -1, 1, -1, -1, -1, 1, 1, 1, -1, 1, 1, 1, 1, -1, -1, 1, 1, -1, 1, -1, 1, 1, -1, -1, -1, 1, 1, -1, 1, -1, -1, -1, 1, -1, 1, 1, -1, -1, -1, -1, -1 )

[sub_resource type="ConcavePolygonShape" id=18]
data = PoolVector3Array( -1, 1, 1, 1, 1, 1, -1, -1, 1, 1, 1, 1, 1, -1, 1, -1, -1, 1, 1, 1, -1, -1, 1, -1, 1, -1, -1, -1, 1, -1, -1, -1, -1, 1, -1, -1, 1, 1, 1, 1, 1, -1, 1, -1, 1, 1, 1, -1, 1, -1, -1, 1, -1, 1, -1, 1, -1, -1, 1, 1, -1, -1, -1, -1, 1, 1, -1, -1, 1, -1, -1, -1, 1, 1, 1, -1, 1, 1, 1, 1, -1, -1, 1, 1, -1, 1, -1, 1, 1, -1, -1, -1, 1, 1, -1, 1, -1, -1, -1, 1, -1, 1, 1, -1, -1, -1, -1, -1 )

[sub_resource type="ConcavePolygonShape" id=19]
data = PoolVector3Array( -1, 1, 1, 1, 1, 1, -1, -1, 1, 1, 1, 1, 1, -1, 1, -1, -1, 1, 1, 1, -1, -1, 1, -1, 1, -1, -1, -1, 1, -1, -1, -1, -1, 1, -1, -1, 1, 1, 1, 1, 1, -1, 1, -1, 1, 1, 1, -1, 1, -1, -1, 1, -1, 1, -1, 1, -1, -1, 1, 1, -1, -1, -1, -1, 1, 1, -1, -1, 1, -1, -1, -1, 1, 1, 1, -1, 1, 1, 1, 1, -1, -1, 1, 1, -1, 1, -1, 1, 1, -1, -1, -1, 1, 1, -1, 1, -1, -1, -1, 1, -1, 1, 1, -1, -1, -1, -1, -1 )

[sub_resource type="ConcavePolygonShape" id=20]
data = PoolVector3Array( -1, 1, 1, 1, 1, 1, -1, -1, 1, 1, 1, 1, 1, -1, 1, -1, -1, 1, 1, 1, -1, -1, 1, -1, 1, -1, -1, -1, 1, -1, -1, -1, -1, 1, -1, -1, 1, 1, 1, 1, 1, -1, 1, -1, 1, 1, 1, -1, 1, -1, -1, 1, -1, 1, -1, 1, -1, -1, 1, 1, -1, -1, -1, -1, 1, 1, -1, -1, 1, -1, -1, -1, 1, 1, 1, -1, 1, 1, 1, 1, -1, -1, 1, 1, -1, 1, -1, 1, 1, -1, -1, -1, 1, 1, -1, 1, -1, -1, -1, 1, -1, 1, 1, -1, -1, -1, -1, -1 )

[sub_resource type="ConcavePolygonShape" id=21]
data = PoolVector3Array( -1, 1, 1, 1, 1, 1, -1, -1, 1, 1, 1, 1, 1, -1, 1, -1, -1, 1, 1, 1, -1, -1, 1, -1, 1, -1, -1, -1, 1, -1, -1, -1, -1, 1, -1, -1, 1, 1, 1, 1, 1, -1, 1, -1, 1, 1, 1, -1, 1, -1, -1, 1, -1, 1, -1, 1, -1, -1, 1, 1, -1, -1, -1, -1, 1, 1, -1, -1, 1, -1, -1, -1, 1, 1, 1, -1, 1, 1, 1, 1, -1, -1, 1, 1, -1, 1, -1, 1, 1, -1, -1, -1, 1, 1, -1, 1, -1, -1, -1, 1, -1, 1, 1, -1, -1, -1, -1, -1 )

[sub_resource type="ConcavePolygonShape" id=22]
data = PoolVector3Array( -1, 1, 1, 1, 1, 1, -1, -1, 1, 1, 1, 1, 1, -1, 1, -1, -1, 1, 1, 1, -1, -1, 1, -1, 1, -1, -1, -1, 1, -1, -1, -1, -1, 1, -1, -1, 1, 1, 1, 1, 1, -1, 1, -1, 1, 1, 1, -1, 1, -1, -1, 1, -1, 1, -1, 1, -1, -1, 1, 1, -1, -1, -1, -1, 1, 1, -1, -1, 1, -1, -1, -1, 1, 1, 1, -1, 1, 1, 1, 1, -1, -1, 1, 1, -1, 1, -1, 1, 1, -1, -1, -1, 1, 1, -1, 1, -1, -1, -1, 1, -1, 1, 1, -1, -1, -1, -1, -1 )

[sub_resource type="ConcavePolygonShape" id=23]
data = PoolVector3Array( -1, 1, 1, 1, 1, 1, -1, -1, 1, 1, 1, 1, 1, -1, 1, -1, -1, 1, 1, 1, -1, -1, 1, -1, 1, -1, -1, -1, 1, -1, -1, -1, -1, 1, -1, -1, 1, 1, 1, 1, 1, -1, 1, -1, 1, 1, 1, -1, 1, -1, -1, 1, -1, 1, -1, 1, -1, -1, 1, 1, -1, -1, -1, -1, 1, 1, -1, -1, 1, -1, -1, -1, 1, 1, 1, -1, 1, 1, 1, 1, -1, -1, 1, 1, -1, 1, -1, 1, 1, -1, -1, -1, 1, 1, -1, 1, -1, -1, -1, 1, -1, 1, 1, -1, -1, -1, -1, -1 )

[sub_resource type="ConcavePolygonShape" id=24]
data = PoolVector3Array( -1, 1, 1, 1, 1, 1, -1, -1, 1, 1, 1, 1, 1, -1, 1, -1, -1, 1, 1, 1, -1, -1, 1, -1, 1, -1, -1, -1, 1, -1, -1, -1, -1, 1, -1, -1, 1, 1, 1, 1, 1, -1, 1, -1, 1, 1, 1, -1, 1, -1, -1, 1, -1, 1, -1, 1, -1, -1, 1, 1, -1, -1, -1, -1, 1, 1, -1, -1, 1, -1, -1, -1, 1, 1, 1, -1, 1, 1, 1, 1, -1, -1, 1, 1, -1, 1, -1, 1, 1, -1, -1, -1, 1, 1, -1, 1, -1, -1, -1, 1, -1, 1, 1, -1, -1, -1, -1, -1 )

[sub_resource type="ConcavePolygonShape" id=25]
data = PoolVector3Array( -1, 1, 1, 1, 1, 1, -1, -1, 1, 1, 1, 1, 1, -1, 1, -1, -1, 1, 1, 1, -1, -1, 1, -1, 1, -1, -1, -1, 1, -1, -1, -1, -1, 1, -1, -1, 1, 1, 1, 1, 1, -1, 1, -1, 1, 1, 1, -1, 1, -1, -1, 1, -1, 1, -1, 1, -1, -1, 1, 1, -1, -1, -1, -1, 1, 1, -1, -1, 1, -1, -1, -1, 1, 1, 1, -1, 1, 1, 1, 1, -1, -1, 1, 1, -1, 1, -1, 1, 1, -1, -1, -1, 1, 1, -1, 1, -1, -1, -1, 1, -1, 1, 1, -1, -1, -1, -1, -1 )

[sub_resource type="ConcavePolygonShape" id=26]
data = PoolVector3Array( -1, 1, 1, 1, 1, 1, -1, -1, 1, 1, 1, 1, 1, -1, 1, -1, -1, 1, 1, 1, -1, -1, 1, -1, 1, -1, -1, -1, 1, -1, -1, -1, -1, 1, -1, -1, 1, 1, 1, 1, 1, -1, 1, -1, 1, 1, 1, -1, 1, -1, -1, 1, -1, 1, -1, 1, -1, -1, 1, 1, -1, -1, -1, -1, 1, 1, -1, -1, 1, -1, -1, -1, 1, 1, 1, -1, 1, 1, 1, 1, -1, -1, 1, 1, -1, 1, -1, 1, 1, -1, -1, -1, 1, 1, -1, 1, -1, -1, -1, 1, -1, 1, 1, -1, -1, -1, -1, -1 )

[node name="World" type="Spatial"]

[node name="CarController" parent="." instance=ExtResource( 1 )]

[node name="CameraBackward" type="Camera" parent="."]
transform = Transform( 1, 0, 0, 0, 0.968483, 0.249079, 0, -0.249079, 0.968483, 0, 1.42194, 2.75119 )
script = ExtResource( 2 )
pos_target = NodePath("../CarController/FrontTarget")
look_target = NodePath("../CarController/LookTarget")

[node name="CameraForward" type="Camera" parent="."]
transform = Transform( -1, 1.50454e-08, -1.46294e-07, -2.16466e-08, 0.96886, 0.247608, 1.45464e-07, 0.247608, -0.96886, 0, 1.42194, -2.8067 )
current = true
script = ExtResource( 2 )
pos_target = NodePath("../CarController/BackTarget")
look_target = NodePath("../CarController/LookTarget")

[node name="Geometry" type="Spatial" parent="."]

[node name="MeshInstance" type="MeshInstance" parent="Geometry"]
mesh = SubResource( 1 )
skeleton = NodePath("../..")

[node name="MeshInstance2" type="MeshInstance" parent="Geometry"]
transform = Transform( 1, 0, 0, 0, 1, 0, 0, 0, 1, 0, 0, 7.70069 )
mesh = SubResource( 2 )
skeleton = NodePath("../..")
material/0 = SubResource( 3 )

[node name="StaticBody" type="StaticBody" parent="Geometry/MeshInstance2"]

[node name="CollisionShape" type="CollisionShape" parent="Geometry/MeshInstance2/StaticBody"]
shape = SubResource( 4 )

[node name="MeshInstance3" type="MeshInstance" parent="Geometry"]
transform = Transform( 1, 0, 0, 0, 1, 0, 0, 0, 1, 6.35789, 0, 7.70069 )
mesh = SubResource( 2 )
skeleton = NodePath("../..")
material/0 = SubResource( 3 )

[node name="StaticBody" type="StaticBody" parent="Geometry/MeshInstance3"]

[node name="CollisionShape" type="CollisionShape" parent="Geometry/MeshInstance3/StaticBody"]
shape = SubResource( 5 )

[node name="MeshInstance4" type="MeshInstance" parent="Geometry"]
transform = Transform( 1, 0, 0, 0, 1, 0, 0, 0, 1, 6.35789, 0, -5.10351 )
mesh = SubResource( 2 )
skeleton = NodePath("../..")
material/0 = SubResource( 3 )

[node name="StaticBody" type="StaticBody" parent="Geometry/MeshInstance4"]

[node name="CollisionShape" type="CollisionShape" parent="Geometry/MeshInstance4/StaticBody"]
shape = SubResource( 6 )

[node name="MeshInstance5" type="MeshInstance" parent="Geometry"]
transform = Transform( 1, 0, 0, 0, 1, 0, 0, 0, 1, 13.1578, 0, 1.72938 )
mesh = SubResource( 2 )
skeleton = NodePath("../..")
material/0 = SubResource( 3 )

[node name="StaticBody" type="StaticBody" parent="Geometry/MeshInstance5"]

[node name="CollisionShape" type="CollisionShape" parent="Geometry/MeshInstance5/StaticBody"]
shape = SubResource( 7 )

[node name="MeshInstance6" type="MeshInstance" parent="Geometry"]
transform = Transform( 1, 0, 0, 0, 1, 0, 0, 0, 1, 13.4367, 0, -9.69659 )
mesh = SubResource( 2 )
skeleton = NodePath("../..")
material/0 = SubResource( 3 )

[node name="StaticBody" type="StaticBody" parent="Geometry/MeshInstance6"]

[node name="CollisionShape" type="CollisionShape" parent="Geometry/MeshInstance6/StaticBody"]
shape = SubResource( 8 )

[node name="MeshInstance7" type="MeshInstance" parent="Geometry"]
transform = Transform( 1, 0, 0, 0, 1, 0, 0, 0, 1, 3.78588, 0, -15.9551 )
mesh = SubResource( 2 )
skeleton = NodePath("../..")
material/0 = SubResource( 3 )

[node name="StaticBody" type="StaticBody" parent="Geometry/MeshInstance7"]

[node name="CollisionShape" type="CollisionShape" parent="Geometry/MeshInstance7/StaticBody"]
shape = SubResource( 9 )

[node name="MeshInstance8" type="MeshInstance" parent="Geometry"]
transform = Transform( 1, 0, 0, 0, 1, 0, 0, 0, 1, -0.478445, 0, -12.3346 )
mesh = SubResource( 2 )
skeleton = NodePath("../..")
material/0 = SubResource( 3 )

[node name="StaticBody" type="StaticBody" parent="Geometry/MeshInstance8"]

[node name="CollisionShape" type="CollisionShape" parent="Geometry/MeshInstance8/StaticBody"]
shape = SubResource( 10 )

[node name="MeshInstance9" type="MeshInstance" parent="Geometry"]
transform = Transform( 1, 0, 0, 0, 1, 0, 0, 0, 1, -6.52687, 0, -8.08741 )
mesh = SubResource( 2 )
skeleton = NodePath("../..")
material/0 = SubResource( 3 )

[node name="StaticBody" type="StaticBody" parent="Geometry/MeshInstance9"]

[node name="CollisionShape" type="CollisionShape" parent="Geometry/MeshInstance9/StaticBody"]
shape = SubResource( 11 )

[node name="MeshInstance10" type="MeshInstance" parent="Geometry"]
transform = Transform( 1, 0, 0, 0, 1, 0, 0, 0, 1, -6.83937, 0, 1.29473 )
mesh = SubResource( 2 )
skeleton = NodePath("../..")
material/0 = SubResource( 3 )

[node name="StaticBody" type="StaticBody" parent="Geometry/MeshInstance10"]

[node name="CollisionShape" type="CollisionShape" parent="Geometry/MeshInstance10/StaticBody"]
shape = SubResource( 12 )

[node name="MeshInstance11" type="MeshInstance" parent="Geometry"]
transform = Transform( 1, 0, 0, 0, 1, 0, 0, 0, 1, -8.02868, 0, 8.50187 )
mesh = SubResource( 2 )
skeleton = NodePath("../..")
material/0 = SubResource( 3 )

[node name="StaticBody" type="StaticBody" parent="Geometry/MeshInstance11"]

[node name="CollisionShape" type="CollisionShape" parent="Geometry/MeshInstance11/StaticBody"]
shape = SubResource( 13 )

[node name="MeshInstance12" type="MeshInstance" parent="Geometry"]
transform = Transform( 1, 0, 0, 0, 1, 0, 0, 0, 1, -14.7479, 0, -5.1459 )
mesh = SubResource( 2 )
skeleton = NodePath("../..")
material/0 = SubResource( 3 )

[node name="StaticBody" type="StaticBody" parent="Geometry/MeshInstance12"]

[node name="CollisionShape" type="CollisionShape" parent="Geometry/MeshInstance12/StaticBody"]
shape = SubResource( 14 )

[node name="MeshInstance13" type="MeshInstance" parent="Geometry"]
transform = Transform( 1, 0, 0, 0, 1, 0, 0, 0, 1, 17.043, 0, -3.58718 )
mesh = SubResource( 2 )
skeleton = NodePath("../..")
material/0 = SubResource( 3 )

[node name="StaticBody" type="StaticBody" parent="Geometry/MeshInstance13"]

[node name="CollisionShape" type="CollisionShape" parent="Geometry/MeshInstance13/StaticBody"]
shape = SubResource( 15 )

[node name="MeshInstance15" type="MeshInstance" parent="Geometry"]
transform = Transform( 1, 0, 0, 0, 1, 0, 0, 0, 1, 16.9897, 0, 9.23679 )
mesh = SubResource( 2 )
skeleton = NodePath("../..")
material/0 = SubResource( 3 )

[node name="StaticBody" type="StaticBody" parent="Geometry/MeshInstance15"]

[node name="CollisionShape" type="CollisionShape" parent="Geometry/MeshInstance15/StaticBody"]
shape = SubResource( 16 )

[node name="MeshInstance16" type="MeshInstance" parent="Geometry"]
transform = Transform( 1, 0, 0, 0, 1, 0, 0, 0, 1, -17.7157, 0, 3.80268 )
mesh = SubResource( 2 )
skeleton = NodePath("../..")
material/0 = SubResource( 3 )

[node name="StaticBody" type="StaticBody" parent="Geometry/MeshInstance16"]

[node name="CollisionShape" type="CollisionShape" parent="Geometry/MeshInstance16/StaticBody"]
shape = SubResource( 17 )

[node name="MeshInstance17" type="MeshInstance" parent="Geometry"]
transform = Transform( 1, 0, 0, 0, 1, 0, 0, 0, 1, -8.74316, 0, 14.0414 )
mesh = SubResource( 2 )
skeleton = NodePath("../..")
material/0 = SubResource( 3 )

[node name="StaticBody" type="StaticBody" parent="Geometry/MeshInstance17"]

[node name="CollisionShape" type="CollisionShape" parent="Geometry/MeshInstance17/StaticBody"]
shape = SubResource( 18 )

[node name="MeshInstance18" type="MeshInstance" parent="Geometry"]
transform = Transform( 1, 0, 0, 0, 1, 0, 0, 0, 1, -0.734876, 0, 17.3573 )
mesh = SubResource( 2 )
skeleton = NodePath("../..")
material/0 = SubResource( 3 )

[node name="StaticBody" type="StaticBody" parent="Geometry/MeshInstance18"]

[node name="CollisionShape" type="CollisionShape" parent="Geometry/MeshInstance18/StaticBody"]
shape = SubResource( 19 )

[node name="MeshInstance19" type="MeshInstance" parent="Geometry"]
transform = Transform( 1, 0, 0, 0, 1, 0, 0, 0, 1, 8.71788, 0, 16.4006 )
mesh = SubResource( 2 )
skeleton = NodePath("../..")
material/0 = SubResource( 3 )

[node name="StaticBody" type="StaticBody" parent="Geometry/MeshInstance19"]

[node name="CollisionShape" type="CollisionShape" parent="Geometry/MeshInstance19/StaticBody"]
shape = SubResource( 20 )

[node name="MeshInstance20" type="MeshInstance" parent="Geometry"]
transform = Transform( 1, 0, 0, 0, 1, 0, 0, 0, 1, -16.0081, 0, 10.2396 )
mesh = SubResource( 2 )
skeleton = NodePath("../..")
material/0 = SubResource( 3 )

[node name="StaticBody" type="StaticBody" parent="Geometry/MeshInstance20"]

[node name="CollisionShape" type="CollisionShape" parent="Geometry/MeshInstance20/StaticBody"]
shape = SubResource( 21 )

[node name="MeshInstance21" type="MeshInstance" parent="Geometry"]
transform = Transform( 1, 0, 0, 0, 1, 0, 0, 0, 1, -20.2296, 0, -3.93268 )
mesh = SubResource( 2 )
skeleton = NodePath("../..")
material/0 = SubResource( 3 )

[node name="StaticBody" type="StaticBody" parent="Geometry/MeshInstance21"]

[node name="CollisionShape" type="CollisionShape" parent="Geometry/MeshInstance21/StaticBody"]
shape = SubResource( 22 )

[node name="MeshInstance22" type="MeshInstance" parent="Geometry"]
transform = Transform( 1, 0, 0, 0, 1, 0, 0, 0, 1, -13.4405, 0, -13.0491 )
mesh = SubResource( 2 )
skeleton = NodePath("../..")
material/0 = SubResource( 3 )

[node name="StaticBody" type="StaticBody" parent="Geometry/MeshInstance22"]

[node name="CollisionShape" type="CollisionShape" parent="Geometry/MeshInstance22/StaticBody"]
shape = SubResource( 23 )

[node name="MeshInstance23" type="MeshInstance" parent="Geometry"]
transform = Transform( 1, 0, 0, 0, 1, 0, 0, 0, 1, -6.45951, 0, -17.4629 )
mesh = SubResource( 2 )
skeleton = NodePath("../..")
material/0 = SubResource( 3 )

[node name="StaticBody" type="StaticBody" parent="Geometry/MeshInstance23"]

[node name="CollisionShape" type="CollisionShape" parent="Geometry/MeshInstance23/StaticBody"]
shape = SubResource( 24 )

[node name="MeshInstance24" type="MeshInstance" parent="Geometry"]
transform = Transform( 1, 0, 0, 0, 1, 0, 0, 0, 1, -6.45951, 0, -17.4629 )
mesh = SubResource( 2 )
skeleton = NodePath("../..")
material/0 = SubResource( 3 )

[node name="StaticBody" type="StaticBody" parent="Geometry/MeshInstance24"]

[node name="CollisionShape" type="CollisionShape" parent="Geometry/MeshInstance24/StaticBody"]
shape = SubResource( 25 )

[node name="MeshInstance14" type="MeshInstance" parent="Geometry"]
transform = Transform( 1, 0, 0, 0, 1, 0, 0, 0, 1, 16.3219, 170.255, -4.27196 )
mesh = SubResource( 2 )
skeleton = NodePath("../..")
material/0 = SubResource( 3 )

[node name="StaticBody" type="StaticBody" parent="Geometry/MeshInstance14"]

[node name="CollisionShape" type="CollisionShape" parent="Geometry/MeshInstance14/StaticBody"]
shape = SubResource( 26 )

[editable path="CarController"]
